%% This BibTeX bibliography file was created using BibDesk.
%% http://bibdesk.sourceforge.net/

%% Created for SysTac at 2017-12-01 03:45:34 +0100 


%% Saved with string encoding Unicode (UTF-8) 



@techreport{rds_standard,
	Date-Added = {2017-12-01 02:36:03 +0000},
	Date-Modified = {2017-12-01 02:45:31 +0000},
	Institution = {RDS Forum},
	Month = {December},
	Read = {0},
	Title = {The new RDS IEC 62106:1999 standard},
	Year = {1999}}
